@Misc{presentationmarcrmll,
author = {Marc Pierrot-Deseilligny},
title = {Free open source photogrammetry with {MicMac}},
howpublished = {16\up{es} Rencontres Mondiales du Logiciel Libre
RMLL 2015},
month = {Juillet},
year = {2015},
note = {Pr√©sentation orale},
annote = {https://2015.rmll.info/IMG/pdf/rmll-2015-deseilligny-v7.pdf}
}

@Article{deseilligny2011apero,
AUTHOR = {Pierrot-Deseilligny, M. and Clery, I.},
TITLE = {APERO, AN OPEN SOURCE BUNDLE ADJUSMENT SOFTWARE FOR AUTOMATIC CALIBRATION AND ORIENTATION OF SET OF IMAGES},
JOURNAL = {ISPRS - International Archives of the Photogrammetry, Remote Sensing and Spatial Information Sciences},
VOLUME = {XXXVIII-5/W16},
YEAR = {2011},
PAGES = {269--276},
URL = {http://www.int-arch-photogramm-remote-sens-spatial-inf-sci.net/XXXVIII-5-W16/269/2011/},
DOI = {10.5194/isprsarchives-XXXVIII-5-W16-269-2011}
}

@article{pierrot2006multiresolution,
  title={A multiresolution and optimization-based image matching approach: An application to surface reconstruction from SPOT5-HRS stereo imagery},
  author={Pierrot-Deseilligny, Marc and Paparoditis, Nicolas},
  journal={Archives of Photogrammetry, Remote Sensing and Spatial Information Sciences},
  volume={36},
  number={1/W41},
  year={2006}
}